@article{бобаренко2018отсечение,
  title={Отсечение невидимой геометрии средствами OpenGL (OPENGLOCCLUSIONCULLING)},
  author={Бобаренко, Денис Викторович and Колосова, Ирина Владимировна and Компаниченко, Алексей Юрьевич},
  journal={Современные тенденции развития и перспективы внедрения инновационных технологий в машиностроении, образовании и экономике},
  volume={4},
  number={1},
  pages={159--164},
  year={2018},
  publisher={Федеральное государственное бюджетное образовательное учреждение высшего образования}
}

@article{frey2004using,
  title={Using Graphic Novels, Anime},
  author={Frey, Nancy and Fisher, Douglas},
  journal={The English Journal},
  volume={93},
  number={3},
  pages={19--25},
  year={2004}
}
